@book{Haskell,
  title         = "Haskell 98 Language and Libraries",
  editor        = "Simon Peyton Jones",
  publisher     = "Cambridge University Press",
  month         = "April",
  year          = "2003"
}

@book{LinuxDeviceDrivers,
  title         = "Linux Device Drivers",
  author        = "Alessandro Rubini and Jonathan Corbet",
  publisher     = "O'Reily",
  edition       = "2nd edition",
  month         = "June",
  year          = "2001"
}

@book{CategoricalLogic,
  title         = "Categorical Logic and Type Theory",
  author        = "Bart Jacobs",
  publisher     = "Elsevier Science",
  edition       = "Paperback",
  year          = "2001"
}


@manual{NE2000,
  title         = "DP8390D/NS32490D NIC Network Interface Controller",
  organization  = "National Semiconductor",
  month         = "July",
  year          = "1995"
}

   

@misc{House,
  title         = {{The House web page}},
  howpublished  = "\url{http://www.cse.ogi.edu/~hallgren/House}"
}


@article{Wadler:2003,
  author =       "Philip Wadler and Peter Thiemann",
  title =        "The marriage of effects and monads",
  journal =      "ACM Transactions on Computational Logic",
  volume =       "4",
  number =       "1",
  pages =        "1--32",
  month =        "January",
  year =         "2003",
  ISSN =         "1529-3785",
}


@Article{Wadler:1994,
  author =       "Philip Wadler",
  title =        "Monads and Composable Continuations",
  journal =      "Lisp and Symbolic Computation",
  volume =       "7",
  number =       "1",
  pages =        "39--56",
  month =        jan,
  year =         "1994",
  ISSN =         "0892-4635",
}




  
